<record><leader>00000cas a22000007a 4500</leader><controlfield tag="001">22299017</controlfield><controlfield tag="008">900830c18729999mauwr ne      0    0eng d</controlfield><datafield ind1=" " ind2=" " tag="010"><subfield code="a">sn 89062464 </subfield></datafield><datafield ind1=" " ind2=" " tag="040"><subfield code="a">MGN</subfield><subfield code="b">eng</subfield><subfield code="c">MGN</subfield><subfield code="d">CNW</subfield><subfield code="d">MGN</subfield><subfield code="d">OCLCQ</subfield><subfield code="d">YUS</subfield><subfield code="d">OCLCQ</subfield><subfield code="d">OCLCF</subfield><subfield code="d">OCLCO</subfield></datafield><datafield ind1="1" ind2=" " tag="029"><subfield code="a">AU@</subfield><subfield code="b">000007595602</subfield></datafield><datafield ind1=" " ind2=" " tag="042"><subfield code="a">msc</subfield></datafield><datafield ind1=" " ind2=" " tag="043"><subfield code="a">n-us-ma</subfield></datafield><datafield ind1="0" ind2=" " tag="130"><subfield code="a">Old Colony memorial (Plymouth, Mass. : 1872)</subfield></datafield><datafield ind1="1" ind2="0" tag="245"><subfield code="a">Old Colony memorial.</subfield></datafield><datafield ind1="1" ind2="3" tag="246"><subfield code="a">Old Colony memorial, Plymouth Rock, and the Old Colony sentinel</subfield></datafield><datafield ind1=" " ind2=" " tag="260"><subfield code="a">Plymouth, Mass. :</subfield><subfield code="b">[s.n.]</subfield></datafield><datafield ind1=" " ind2=" " tag="300"><subfield code="a">v.</subfield></datafield><datafield ind1=" " ind2=" " tag="310"><subfield code="a">Weekly</subfield></datafield><datafield ind1="0" ind2=" " tag="362"><subfield code="a">Vol. 51, no. 18 (May 2, 1872)-</subfield></datafield><datafield ind1=" " ind2=" " tag="500"><subfield code="a">Issues for &lt;Aug. 8, 1924-&gt; published by: Memorial Press Publishers.</subfield></datafield><datafield ind1=" " ind2=" " tag="500"><subfield code="a">Issues for &lt;Aug. 8, 1924-&gt; also called: Whole no. &lt;2297-&gt;.</subfield></datafield><datafield ind1=" " ind2="0" tag="651"><subfield code="a">Plymouth (Mass.)</subfield><subfield code="v">Newspapers.</subfield></datafield><datafield ind1=" " ind2="7" tag="655"><subfield code="a">Newspapers.</subfield><subfield code="2">fast</subfield><subfield code="0">(OCoLC)fst01423814</subfield></datafield><datafield ind1=" " ind2="7" tag="651"><subfield code="a">Massachusetts</subfield><subfield code="z">Plymouth.</subfield><subfield code="2">fast</subfield><subfield code="0">(OCoLC)fst01218270</subfield></datafield><datafield ind1=" " ind2=" " tag="752"><subfield code="a">United States</subfield><subfield code="b">Massachusetts</subfield><subfield code="c">Plymouth</subfield><subfield code="d">Plymouth.</subfield></datafield><datafield ind1="0" ind2="0" tag="780"><subfield code="t">Old Colony memorial and Plymouth Rock (Plymouth, Mass. : 1872)</subfield><subfield code="w">(DLC)sn 89062461</subfield></datafield><datafield ind1="0" ind2="5" tag="780"><subfield code="t">Old Colony sentinel</subfield><subfield code="w">(DLC)sn 83020728</subfield></datafield><datafield ind1="0" ind2="5" tag="780"><subfield code="t">Plymouth free press</subfield><subfield code="g">Mar. 12, 1904</subfield><subfield code="w">(DLC)sn 83020729</subfield><subfield code="w">(OCoLC)9526874</subfield></datafield><datafield ind1="0" ind2="5" tag="780"><subfield code="t">Plymouth observer</subfield><subfield code="g">Jan. 23, 1909</subfield></datafield><datafield ind1="0" ind2="5" tag="780"><subfield code="t">Marshfield news (Marshfield, Mass.)</subfield><subfield code="g">May 1, 1913</subfield></datafield><datafield ind1="0" ind2="5" tag="780"><subfield code="t">Kingston news (Kingston, Mass.)</subfield><subfield code="g">May 1, 1913</subfield></datafield><datafield ind1="0" ind2="5" tag="780"><subfield code="t">Duxbury news</subfield><subfield code="g">May 1, 1913</subfield></datafield></record>